<?xml version="1.0" encoding="UTF-8"?><collection xmlns="http://www.loc.gov/MARC21/slim"><record><leader>00376nam--2200133-i-4500</leader><controlfield tag="001">000023841</controlfield><controlfield tag="002">20161230</controlfield><controlfield tag="005">20161230201035</controlfield><controlfield tag="008">060222s1000------------r-----000-0-eng-d</controlfield><datafield ind1=" " ind2=" " tag="100"><subfield code="a">Penner, S.S</subfield></datafield><datafield ind1=" " ind2=" " tag="245"><subfield code="a">Icerman, l</subfield></datafield><datafield ind1=" " ind2=" " tag="260"><subfield code="a">Energy. Nuclear Energy And Policies</subfield></datafield><datafield ind1=" " ind2=" " tag="490"><subfield code="a">Peading, Addison-wesley Publishing Company, Inc, 1974. Xxxv+713p</subfield></datafield><datafield ind1=" " ind2=" " tag="852"><subfield code="a">620.91:621.311:621.039</subfield></datafield></record></collection>